<?xml version="1.0" encoding="UTF-8"?><record xmlns="http://www.loc.gov/MARC21/slim" xmlns:cinclude="http://apache.org/cocoon/include/1.0" xmlns:zs="http://www.loc.gov/zing/srw/">
  <leader>00721cz  a2200133n  4500</leader>
  <controlfield tag="001">n  86090297 </controlfield>
  <controlfield tag="003">DLC</controlfield>
  <controlfield tag="005">20080420081204.0</controlfield>
  <controlfield tag="008">861113n| acannaabn          |n ana      </controlfield>
  <datafield tag="010" ind1=" " ind2=" ">
    <subfield code="a">n  86090297 </subfield>
  </datafield>
  <datafield tag="035" ind1=" " ind2=" ">
    <subfield code="a">(OCoLC)oca01770341</subfield>
  </datafield>
  <datafield tag="040" ind1=" " ind2=" ">
    <subfield code="a">DLC</subfield>
    <subfield code="b">eng</subfield>
    <subfield code="c">DLC</subfield>
    <subfield code="d">DLC</subfield>
    <subfield code="d">OCoLC</subfield>
  </datafield>
  <datafield tag="110" ind1="2" ind2=" ">
    <subfield code="a">Sovetskai︠a︡ sot︠s︡iologicheskai︠a︡ assot︠s︡iat︠s︡ii︠a︡.</subfield>
    <subfield code="b">T︠S︡entralʹnai︠a︡ sekt︠s︡ii︠a︡ sot︠s︡iologii regionalʹnogo i gorodskogo razvitii︠a︡</subfield>
  </datafield>
  <datafield tag="670" ind1=" " ind2=" ">
    <subfield code="a">Ėtnosot︠s︡ialʹnye problemy goroda, 1986:</subfield>
    <subfield code="b">p. preceding t.p. (T︠S︡entralʹnai︠a︡ sekt︠s︡ii︠a︡ sot︠s︡iologii regionalʹnogo i gorodskogo razvitii︠a︡ Sovetskoĭ sot︠s︡iologicheskoĭ assot︠s︡iat︠s︡ii)</subfield>
  </datafield>
</record>